<?xml version="1.0" encoding="UTF-8"?><collection xmlns="http://www.loc.gov/MARC21/slim"><record><leader>00311nam--2200121-i-4500</leader><controlfield tag="001">000016609</controlfield><controlfield tag="002">20161230</controlfield><controlfield tag="005">20161230201031</controlfield><controlfield tag="008">060222s1000------------r-----000-0-eng-d</controlfield><datafield ind1=" " ind2=" " tag="080"><subfield code="a">681.3.061</subfield></datafield><datafield ind1=" " ind2=" " tag="245"><subfield code="a">Basic reference ibm - personal computer</subfield></datafield><datafield ind1=" " ind2=" " tag="260"><subfield code="a">Florida, Ibm, 1984 Xv + 379 P. + Appendix</subfield></datafield><datafield ind1=" " ind2=" " tag="852"><subfield code="a">80774</subfield></datafield></record></collection>